@Comment http://en.wikipedia.org/wiki/Pearson%27s_chi-squared_test

@Comment instance
@Comment http://arxiv.org/abs/1504.05321

@Comment prover
@Comment http://theory.stanford.edu/~valiant/papers/instanceOptFull.pdf

@Comment uniform
@Comment http://stat.columbia.edu/~liam/research/pubs/sparse-unif-test.pdf

@Comment closeness
@Comment http://people.cs.uchicago.edu/~fortnow/papers/closeness.pdf

@Comment writing definiton files
@Comment https://github.com/Microsoft/TypeScript/wiki/Writing%20Definition%20Files

@Comment definitely typed
@Comment https://github.com/borisyankov/DefinitelyTyped